

% Research Papers
@misc{rfc9000,
  author = {Iyengar, J. and Thomson, M.},
  title = {QUIC: A UDP-Based Multiplexed and Secure Transport},
  howpublished = {IETF RFC 9000},
  year = {2021},
  url = {https://datatracker.ietf.org/doc/rfc9000/},
  note = {Accessed August 2025}
}

@book{kurose2017,
  author = {Kurose, J. F. and Ross, K. W.},
  title = {Computer Networking: A Top-Down Approach},
  publisher = {Pearson},
  year = {2017},
  edition = {7th}
}

@inproceedings{kreps2011,
  author = {Kreps, J. and Narkhede, N. and Rao, J.},
  title = {Kafka: A Distributed Streaming Platform},
  booktitle = {Proceedings of the ACM SIGMOD International Conference},
  year = {2011},
  publisher = {ACM}
}

% RFCs
@misc{rfc9114,
  author = {Bishop, M.},
  title = {HTTP/3},
  howpublished = {IETF RFC 9114},
  year = {2022},
  url = {https://datatracker.ietf.org/doc/html/rfc9114},
  note = {Accessed August 2025}
}

@misc{webtransport-draft,
  author = {Vasiliev, V.},
  title = {The WebTransport Protocol Framework},
  howpublished = {IETF Internet-Draft},
  year = {2023},
  url = {https://datatracker.ietf.org/doc/draft-ietf-webtrans-overview/},
  note = {Accessed August 2025}
}

% Repositories
@misc{aioquic-repo,
  author = {aiortc},
  title = {aioquic: QUIC and HTTP/3 implementation in Python},
  year = {2024},
  url = {https://github.com/aiortc/aioquic/},
  note = {Accessed August 2025}
}

@misc{quiche-repo,
  author = {Cloudflare},
  title = {quiche: Savoury implementation of the QUIC transport protocol and HTTP/3},
  year = {2024},
  url = {https://github.com/cloudflare/quiche},
  note = {Accessed August 2025}
}

@misc{quic-go-repo,
  author = {quic-go},
  title = {A QUIC implementation in pure Go},
  year = {2024},
  url = {https://github.com/quic-go/quic-go},
  note = {Accessed August 2025}
}

@misc{pulsar-helm-repo,
  author = {DataStax},
  title = {Apache Pulsar Helm Chart},
  year = {2024},
  url = {https://github.com/datastax/pulsar-helm-chart/},
  note = {Accessed August 2025}
}

% Documentation
@misc{kubernetes-docs,
  author = {{Kubernetes}},
  title = {Kubernetes Documentation},
  year = {2024},
  url = {https://kubernetes.io/docs/home/},
  note = {Accessed August 2025}
}

@misc{webtransport-mdn,
  author = {{Mozilla Developer Network}},
  title = {WebTransport API},
  year = {2024},
  url = {https://developer.mozilla.org/en-US/docs/Web/API/WebTransport_API},
  note = {Accessed August 2025}
}

@misc{metallb-docs,
  author = {{MetalLB}},
  title = {MetalLB Documentation},
  year = {2024},
  url = {https://metallb.io/},
  note = {Accessed August 2025}
}

@misc{minikube-docs,
  author = {{Kubernetes SIGs}},
  title = {Minikube Documentation},
  year = {2024},
  url = {https://minikube.sigs.k8s.io/docs/},
  note = {Accessed August 2025}
}

@misc{wireshark-docs,
  author = {{Wireshark Foundation}},
  title = {Wireshark Documentation},
  year = {2024},
  url = {https://www.wireshark.org/docs/},
  note = {Accessed August 2025}
}

@misc{haproxy-docs,
  author = {{HAProxy Technologies}},
  title = {HAProxy Configuration Manual},
  year = {2024},
  url = {https://docs.haproxy.org/dev/configuration.html},
  note = {Accessed August 2025}
}

@misc{haproxy-k8s-docs,
  author = {{HAProxy Technologies}},
  title = {HAProxy Kubernetes Ingress Controller Documentation},
  year = {2024},
  url = {https://www.haproxy.com/documentation/kubernetes-ingress/},
  note = {Accessed August 2025}
}

@misc{nginx-ingress-docs,
  author = {{NGINX Inc.}},
  title = {NGINX Ingress Controller Documentation},
  year = {2024},
  url = {https://docs.nginx.com/nginx-ingress-controller/},
  note = {Accessed August 2025}
}

@misc{angie-docs,
  author = {{Angie}},
  title = {Angie Web Server Documentation},
  year = {2024},
  url = {https://en.angie.software/angie/docs/},
  note = {Accessed August 2025}
}

@misc{python-docs,
  author = {{Python Software Foundation}},
  title = {Python 3 Documentation},
  year = {2024},
  url = {https://docs.python.org/3/},
  note = {Accessed August 2025}
}

@misc{zookeeper-docs,
  author = {{Apache Software Foundation}},
  title = {Apache ZooKeeper Documentation},
  year = {2024},
  url = {https://zookeeper.apache.org/},
  note = {Accessed August 2025}
}

@misc{k3s-docs,
  author = {{Rancher Labs}},
  title = {K3s Documentation},
  year = {2024},
  url = {https://docs.k3s.io/},
  note = {Accessed August 2025}
}

@misc{kind-docs,
  author = {{Kubernetes SIGs}},
  title = {kind (Kubernetes in Docker) Documentation},
  year = {2024},
  url = {https://kind.sigs.k8s.io/},
  note = {Accessed August 2025}
}

@misc{aws-docs,
  author = {{Amazon Web Services}},
  title = {AWS Documentation},
  year = {2024},
  url = {https://docs.aws.amazon.com},
  note = {Accessed August 2025}
}

@misc{gcp-docs,
  author = {{Google Cloud}},
  title = {Google Cloud Documentation},
  year = {2024},
  url = {https://cloud.google.com/docs},
  note = {Accessed August 2025}
}

@misc{azure-docs,
  author = {{Microsoft Azure}},
  title = {Azure Documentation},
  year = {2024},
  url = {https://docs.azure.cn/en-us/},
  note = {Accessed August 2025}
}

% Blogs
@misc{marx2021-http3,
  author = {Marx, Robin},
  title = {HTTP/3 Core Concepts},
  year = {2021},
  url = {https://www.smashingmagazine.com/2021/08/http3-core-concepts-part1/},
  note = {Smashing Magazine, Accessed August 2025}
}